% This is blank .bib file.